@FOOTNOTE{Note1,key="Note1",note="Stability here means that the eigenvalues remains isolated and non-degenerate for small values of $\lambda $."}
@FOOTNOTE{Note2,key="Note2",note="Choosing instead $\protect \mathcal  {E} = E$ is the starting point of Brillouin-Wigner perturbation theory, in which $E$ is computed implicitly rather than explicitly."}
@FOOTNOTE{Note3,key="Note3",note="In particular, to any finite perturbative order $k$, all sums over unperturbed eigenstates are all finite sums."}
@FOOTNOTE{Note4,key="Note4",note="IPT never does: even with $\alpha =1$, $\psi ^{(k)}_\protect \textrm  {IPT}$ is a polynomial in $\lambda $ with $k$-dependent coefficients."}
@FOOTNOTE{Note5,key="Note5",note="The RS series for the Zeeman has been called ``one of the most difficult summable divergent series encountered in physics'' \cite {cizekNewSummationTechnique2003}."}
@FOOTNOTE{Note6,key="Note6",note="Aitken extrapolation of a sequence $s_n$ is $s_n'=(s_n s_{n+2}-s_{n+1}^2)/(s_n +s_{n+2}-2s_{n+1})$."}
@FOOTNOTE{Note7,key="Note7",note="IPT can also be applied to non-Hermitian problems, in which case speed-up factors reach $100$ or more \cite {kenmoeFastIterativeAlgorithm2021}."}
