@article{eyert1996comparative,
  title={A comparative study on methods for convergence acceleration of iterative vector sequences},
  author={Eyert, V},
  journal={Journal of Computational Physics},
  volume={124},
  number={2},
  pages={271--285},
  year={1996},
  publisher={Elsevier}
}
@article{Lax2007,
  title={Linear algebra and its applications, John \& Sons},
  author={Lax, P},
  journal={Inc., Hoboken, New Jersey},
  year={2007}
}
@article{lepage2021alternating,
  title={Alternating cyclic extrapolation methods for optimization algorithms},
  author={Lepage-Saucier, Nicolas},
  journal={arXiv preprint arXiv:2104.04974},
  year={2021}
}
@article{morgan2000preconditioning,
  title={Preconditioning eigenvalues and some comparison of solvers},
  author={Morgan, Ronald B},
  journal={Journal of computational and applied mathematics},
  volume={123},
  number={1-2},
  pages={101--115},
  year={2000},
  publisher={Elsevier}
}

@article{sleijpen2000jacobi,
  title={A Jacobi--Davidson iteration method for linear eigenvalue problems},
  author={Sleijpen, Gerard LG and Van der Vorst, Henk A},
  journal={SIAM Review},
  volume={42},
  number={2},
  pages={267--293},
  year={2000},
  publisher={SIAM}
}

@article{stathopoulos2010primme,
  title={PRIMME: PReconditioned Iterative MultiMethod Eigensolver—methods and software description},
  author={Stathopoulos, Andreas and McCombs, James R},
  journal={ACM Transactions on Mathematical Software (TOMS)},
  volume={37},
  number={2},
  pages={1--30},
  year={2010},
  publisher={ACM New York, NY, USA}
}

@article{stewart2002krylov,
  title={A Krylov--Schur algorithm for large eigenproblems},
  author={Stewart, Gilbert W},
  journal={SIAM Journal on Matrix Analysis and Applications},
  volume={23},
  number={3},
  pages={601--614},
  year={2002},
  publisher={SIAM}
}

@article{dalcin2011parallel,
  title={Parallel distributed computing using Python},
  author={Dalcin, Lisandro D and Paz, Rodrigo R and Kler, Pablo A and Cosimo, Alejandro},
  journal={Advances in Water Resources},
  volume={34},
  number={9},
  pages={1124--1139},
  year={2011},
  publisher={Elsevier}
}

@article{morgan1986generalizations,
  title={Generalizations of Davidson’s method for computing eigenvalues of sparse symmetric matrices},
  author={Morgan, Ronald B and Scott, David S},
  journal={SIAM Journal on Scientific and Statistical Computing},
  volume={7},
  number={3},
  pages={817--825},
  year={1986},
  publisher={SIAM}
}


@article{hernandez2005slepc,
  title={SLEPc: A scalable and flexible toolkit for the solution of eigenvalue problems},
  author={Hernandez, Vicente and Roman, Jose E and Vidal, Vicente},
  journal={ACM Transactions on Mathematical Software (TOMS)},
  volume={31},
  number={3},
  pages={351--362},
  year={2005},
  publisher={ACM New York, NY, USA}
}

@article{knyazev2017recent,
  title={Recent implementations, applications, and extensions of the Locally Optimal Block Preconditioned Conjugate Gradient method (LOBPCG)},
  author={Knyazev, Andrew},
  journal={arXiv preprint arXiv:1708.08354},
  year={2017}
}

@article{fokkema1998jacobi,
  title={Jacobi--Davidson style QR and QZ algorithms for the reduction of matrix pencils},
  author={Fokkema, Diederik R and Sleijpen, Gerard LG and Van der Vorst, Henk A},
  journal={SIAM journal on scientific computing},
  volume={20},
  number={1},
  pages={94--125},
  year={1998},
  publisher={SIAM}
}
@book{kato,
title = {Perturbation Theory for Linear Operators},
author = {Kato, T},
year = {1995},
publisher = {Springer}
}

@article{zhang2020globally,
  title={Globally convergent type-I Anderson acceleration for nonsmooth fixed-point iterations},
  author={Zhang, Junzi and O'Donoghue, Brendan and Boyd, Stephen},
  journal={SIAM Journal on Optimization},
  volume={30},
  number={4},
  pages={3170--3197},
  year={2020},
  publisher={SIAM}
}


@Misc{PYSCF,
  title = {PySCF: the Python‐based simulations of chemistry framework},
  author = {Qiming Sun and Timothy C. Berkelbach and Nick S. Blunt and George H. Booth and Sheng Guo and Zhendong Li and Junzi Liu and James D. McClain and Elvira R. Sayfutyarova and Sandeep Sharma and Sebastian Wouters and Garnet Kin‐Lic Chan},
  year = {2017},
  journal = {Wiley Interdisciplinary Reviews: Computational Molecular Science},
  volume = {8},
  number = {1},
  pages = {e1340},
  doi = {10.1002/wcms.1340},
  url = {https://onlinelibrary.wiley.com/doi/abs/10.1002/wcms.1340},
  eprint = {https://onlinelibrary.wiley.com/doi/pdf/10.1002/wcms.1340},
}

@book{sun1990,
  title = {{Matrix Perturbation Theory}},
  author = {G. W. Stewart and J.-G. Sun},
  publisher = {Academic Press, New York},
  year = {1990},
}


@book{rayleigh1894,
  title = {{Theory of Sound. I (2nd ed.).}},
  author = {J. W. S. Rayleigh},
  publisher = {London McMillan},
  year = {1894},
}


@book{d1965,
  title = {{Quantum Mechanics: Non-relativistic Theory}},
  author = {E. M.  Lifshitz and L. D. Landau},
  publisher = {Pergamon Press},
  year = {1965},
}


@book{ostlund1996,
  title = {{Modern Quantum Chemistry: Introduction to Advanced Electronic Structure Theory.}},
  author = {Attila Szabo and Neil S. Ostlund},
  publisher = {Dover Publications},
  year = {1996},
}


@book{pozar1998,
  title = {{Microwave Engineering (2nd edition)}},
  author = {David Pozar},
  publisher = {Wiley, New York},
  year = {1998},
}


@article{Davidson_1975,
  doi = {10.1016/0021-9991(75)90065-0},
 year = {1975},
  month = {jan},
  publisher = {Elsevier {BV}},
  volume = {17},
  number = {1},
  pages = {87--94},
  author = {Ernest R. Davidson},
  title = {{The iterative calculation of a few of the lowest eigenvalues and corresponding eigenvectors of large real-symmetric matrices}},
  journal = {Journal of Computational Physics},
}


@book{demmel1997,
  title = {{Applied Numerical Linear Algebra}},
  author = {James W. Demmel},
  publisher = {Society for Industrial and Applied Mathematics},
  year = {1997},
}


@article{Lanczos_1950,
  doi = {10.6028/jres.045.026},
  year = {1950},
  month = {oct},
  publisher = {National Institute of Standards and Technology ({NIST})},
  volume = {45},
  number = {4},
  pages = {255},
  author = {C. Lanczos},
  title = {{An iteration method for the solution of the eigenvalue problem of linear differential and integral operators}},
  journal = {Journal of Research of the National Bureau of Standards},
}


@book{kato1995,
  title = {{Perturbation Theory for Linear Operators}},
  author = {Tosio Kato},
  publisher = {Springer},
  year = {1995},
}


@book{johnson2012,
  title = {{Matrix Analysis}},
  author = {Roger A. Horn and Charles R. Johnson},
  publisher = {Cambridge University Press},
  year = {2012},
}


@article{Tomov_2010,
  doi = {10.1016/j.parco.2009.12.005},
  year = {2010},
  month = {jun},
  publisher = {Elsevier {BV}},
  volume = {36},
  number = {5-6},
  pages = {232--240},
  author = {Stanimire Tomov and Jack Dongarra and Marc Baboulin},
  title = {{Towards dense linear algebra for hybrid {GPU} accelerated manycore systems}},
  journal = {Parallel Computing},
}


@book{c1998,
  title = {{ARPACK Users Guide: Solution of Large-Scale Eigenvalue Problems with Implicitly Restarted Arnoldi Methods}},
  author = {R. B. Lehoucq and D. C. Sorensen and C. Yang},
  year = {1998},
  publisher = {Society for Industrial and Applied Mathematics},
}

@online{IPT-code,
  author       = {Matteo Smerlak},
  url          = {https://github.com/msmerlak/IterativePerturbationTheory.jl},
  year         = {2022}
}

@online{paper-code,
  author       = {Matteo Smerlak},
  url          = {https://github.com/msmerlak/IPT-SIMAX.jl},
  year         = {2022}
}

@article{Julia-2017,
    title={Julia: A fresh approach to numerical computing},
    author={Bezanson, Jeff and Edelman, Alan and Karpinski, Stefan and Shah, Viral B},
    journal={SIAM {R}eview},
    volume={59},
    number={1},
    pages={65--98},
    year={2017},
    publisher={SIAM},
    doi={10.1137/141000671},
    url={https://epubs.siam.org/doi/10.1137/141000671}
}

@book{Morgan_2009,
  doi = {10.1137/1.9780898719031},
    year = {2009},
  month = {jan},
  publisher = {Society for Industrial and Applied Mathematics},
  author = {Alexander Morgan},
  title = {{Solving Polynomial Systems Using Continuation for Engineering and Scientific Problems}},
}


@incollection{Surj_n_2004,
  doi = {10.1007/978-94-017-0448-9_8},
    year = {2004},
  publisher = {Springer Netherlands},
  pages = {129--185},
  author = {P{\'{e}}ter R. Surj{\'{a}}n and {\'{A}}gnes Szabados},
  title = {{Appendix to {\textquotedblleft}Studies in Perturbation Theory{\textquotedblright}: The Problem of Partitioning}},
  booktitle = {Fundamental World of Quantum Chemistry},
}


@article{Walker_2011,
  doi = {10.1137/10078356x},
    year = {2011},
  month = {jan},
  publisher = {Society for Industrial {\&} Applied Mathematics ({SIAM})},
  volume = {49},
  number = {4},
  pages = {1715--1735},
  author = {Homer F. Walker and Peng Ni},
  title = {{Anderson Acceleration for Fixed-Point Iterations}},
  journal = {{SIAM} Journal on Numerical Analysis},
}


@article{May_1976,
  doi = {10.1038/261459a0},
    year = {1976},
  month = {jun},
  publisher = {Springer Science and Business Media {LLC}},
  volume = {261},
  number = {5560},
  pages = {459--467},
  author = {Robert M. May},
  title = {{Simple mathematical models with very complicated dynamics}},
  journal = {Nature},
}


@article{DOLOTIN_2008,
  doi = {10.1142/s0217751x08040330},

  year = {2008},
  month = {sep},
  publisher = {World Scientific Pub Co Pte Lt},
  volume = {23},
  number = {22},
  pages = {3613--3684},
  author = {V. Dolotin and A. Morozov},
  title = {On the shapes of elementary domains, or why Mandelbrot set is made from almost ideal circles?},
  journal = {International Journal of Modern Physics A},
}


@book{kuznetsov2004,
  title = {{Elements of Applied Bifurcation Theory}},
  author = {Y. A. Kuznetsov},
  publisher = {Springer},
  year = {2004},
}


@article{Roth_2010,
  doi = {10.1016/j.physletb.2009.12.046},
    year = {2010},
  month = {jan},
  publisher = {Elsevier {BV}},
  volume = {683},
  number = {4-5},
  pages = {272--277},
  author = {Robert Roth and Joachim Langhammer},
  title = {{Pad{\'{e}}-resummed high-order perturbation theory for nuclear structure calculations}},
  journal = {Physics Letters B},
}




@article{smerlak2021convergence,
  title={Convergence without resummation: an iterative approach to perturbative eigenvalue problems},
  author={Smerlak, Matteo},
  journal={arXiv preprint arXiv:2105.04972},
  year={2021}
}


@misc{davidson,
  howpublished = {https://www.mathworks.com/matlabcentral/fileexchange/71201-davidson},
    title = {{davidson}},
    author = {Zuxin Jin},
  description = {Davidson method for eigenvalue problem},
  note = {Accessed on Fri, December 04, 2020},
}
